@online{icpc2025,
  author    = {{International Collegiate Programming Contest}},
  title     = {ICPC Global},
  year      = {2025},
  url       = {https://icpc.global/},
  urldate   = {2025-05-31}
}

@techreport{moreno2006aplicacion,
  author       = {María Moreno Jordán and Margarita Hospedales Salomó},
  title        = {Aplicación para la solicitud de recursos informáticos},
  institution  = {Universitat Oberta de Catalunya},
  year         = {2006},
  month        = jun,
  url          = {https://openaccess.uoc.edu/server/api/core/bitstreams/9f6e4709-673b-4480-8db1-d48743c72083/content},
  note         = {Accedido el 5 de junio de 2025}
}

@misc{icpc2018,
  author       = {{ICPC Global}},
  title        = {Colombia Maratón Nacional ACIS REDIS 2018 - Resultados},
  year         = {2018},
  howpublished = {\url{https://icpc.global/regionals/finder/ColombiaMaratonNalACISREDIS-2018/standings}},
  note         = {Accedido el 9 de junio de 2025}
}

@misc{icpc2019,
  author       = {{ICPC Global}},
  title        = {Colombia Maratón Nacional ACIS REDIS 2019 - Resultados},
  year         = {2019},
  howpublished = {\url{https://icpc.global/regionals/finder/ColombiaMaratonNalACISREDIS-2019/standings}},
  note         = {Accedido el 9 de junio de 2025}
}

@misc{icpc2020,
  author       = {{ICPC Global}},
  title        = {Colombia Maratón Nacional ACIS REDIS 2020 - Resultados},
  year         = {2020},
  howpublished = {\url{https://icpc.global/regionals/finder/ColombiaMaratonNalACISREDIS-2020/standings}},
  note         = {Accedido el 9 de junio de 2025}
}

@misc{icpc2021,
  author       = {{ICPC Global}},
  title        = {Colombia Maratón Nacional ACIS REDIS 2021 - Resultados},
  year         = {2021},
  howpublished = {\url{https://icpc.global/regionals/finder/ColombiaMaratonNalACISREDIS-2021/standings}},
  note         = {Accedido el 9 de junio de 2025}
}

@misc{icpc2022,
  author       = {{ICPC Global}},
  title        = {Colombia Maratón Nacional ACIS REDIS 2022 - Resultados},
  year         = {2022},
  howpublished = {\url{https://icpc.global/regionals/finder/ColombiaMaratonNalACISREDIS-2022/standings}},
  note         = {Accedido el 9 de junio de 2025}
}

@misc{icpc2023,
  author       = {{ICPC Global}},
  title        = {Colombia Maratón Nacional ACIS REDIS 2023 - Resultados},
  year         = {2023},
  howpublished = {\url{https://icpc.global/regionals/finder/ColombiaMaratonNalACISREDIS-2023/standings}},
  note         = {Accedido el 9 de junio de 2025}
}

@misc{icpc2024,
  author       = {{ICPC Global}},
  title        = {Colombia Maratón Nacional ACIS REDIS 2024 - Resultados},
  year         = {2024},
  howpublished = {\url{https://icpc.global/regionals/finder/ColombiaMaratonNalACISREDIS-2024/standings}},
  note         = {Accedido el 9 de junio de 2025}
}


@misc{pcutadeo_github,
  author       = {{Programación Competitiva UTADEO}},
  title        = {Perfil de GitHub - Programación Competitiva UTADEO},
  year         = {2025},
  howpublished = {\url{https://github.com/SegmentationFaultUtadeo/} (Accedido el 9 de junio de 2025)}
}

@misc{utadeo_sistemas,
  author       = {{Universidad de Bogotá Jorge Tadeo Lozano}},
  title        = {Ingeniería de Sistemas - Facultad de Ciencias Naturales e Ingeniería},
  year         = {2025},
  howpublished = {\url{https://www.utadeo.edu.co/es/facultad/ciencias-naturales-e-ingenieria/programa/bogota/ingenieria-de-sistemas} (Accedido el 12 de junio de 2025)}
}

@misc{domjudge-docs,
  author       = {{DOMjudge Team}},
  title        = {{DOMjudge Documentation}},
  year         = {2024},
  howpublished = {\url{https://www.domjudge.org/documentation} (Accedido el 12 de junio de 2025)}
}

@misc{domjudge-about,
  author       = {{DOMjudge Team}},
  title        = {About DOMjudge},
  year         = {2024},
  howpublished = {\url{https://www.domjudge.org/about} (Accedido el 12 de junio de 2025)}
}

@misc{domjudge-domserver,
  author       = {{DOMjudge Team}},
  title        = {DOMjudge DOMserver Docker Image},
  year         = {2024},
  howpublished = {\url{https://hub.docker.com/r/domjudge/domserver} (Accedido el 12 de junio de 2025)}
}

@misc{domjudge-judgehost,
  author       = {{DOMjudge Team}},
  title        = {DOMjudge Judgehost Docker Image},
  year         = {2024},
  howpublished = {\url{https://hub.docker.com/r/domjudge/judgehost} (Accedido el 12 de junio de 2025)}
}

@misc{leetcode,
  author       = {{LeetCode}},
  title        = {LeetCode: Online Judge Platform for Coding Interviews},
  year         = {2025},
  howpublished = {\url{https://leetcode.com/}},
  note         = {Accedido el 12 de junio de 2025}
}

@online{utadeo_calendario,
  author       = {{Universidad de Bogotá Jorge Tadeo Lozano}},
  title        = {Calendario Académico},
  year         = {2025},
  howpublished = {\url{https://www.utadeo.edu.co/es/calendario-academico}},
  urldate      = {2025-06-12},
  note         = {Publicación consultada recientemente}
}

@software{exiftool,
  author       = {Phil Harvey},
  title        = {ExifTool},
  version      = {12.70},
  url          = {https://exiftool.org/},
  year         = {2024},
  note         = {Accessed: 2024-06-16}
}

@online{oracle-java,
  author       = {{Oracle Corporation}},
  title        = {Java SE Downloads},
  year         = {2024},
  url          = {https://www.oracle.com/java/technologies/downloads/},
  note         = {Accessed: 2024-06-16}
}

@online{gcc,
  author       = {{Free Software Foundation}},
  title        = {GNU Compiler Collection (GCC)},
  year         = {2024},
  url          = {https://gcc.gnu.org/},
  note         = {Accessed: 2024-06-16}
}

@online{python-downloads,
  author       = {{Python Software Foundation}},
  title        = {Python Downloads},
  year         = {2024},
  url          = {https://www.python.org/downloads/},
  note         = {Accessed: 2024-06-16}
}
